@article{Yin2009,
author = {Yin, Youbing and Hoffman, Eric A. and Lin, Ching Long},
journal = {Medical Physics},
number = {9},
pages = {4213--4222},
volume = {36},
year = {2009}
}


@InProceedings{JacobsonFesslerMotionCorrectionBib,
	author = {Jacobson, M. W. and Fessler, J. A.},
	booktitle = {IEEE Nucl. Sci. Symp. Med. Imag. Conf. Rec.},
	year = {2003}
}

@article{JRMBib,
	author = {Bousse, A. and others},
    journal= {IEEE Trans. Med. Imag.},
	volume = {35},
	number = {1},
	pages = {217--228},
	year = {2016}
}

@article{Reinhardt2008,
author = {Reinhardt, Joseph M. and Ding, Kai and Cao, Kunlin and Christensen, Gary E. and Hoffman, Eric A. and Bodas, Shalmali V.},
journal = {Medical Image Analysis},
number = {6},
pages = {752--763},
publisher = {Elsevier B.V.},
volume = {12},
year = {2008}
}

@article{Simon2000,
author = {Simon, Brett A},
journal = {Journal of clinical monitoring and computing},
number = {5-6},
pages = {433--42},
volume = {16},
year = {2000}
}

@article{Guerrero2006,
author = {Guerrero, Thomas and Sanders, Kevin and Castillo, Edward and Zhang, Yin and Bidaut, Luc and Pan, Tinsu and Komaki, Ritsuko},
journal = {Physics in Medicine and Biology},
number = {4},
pages = {777--791},
volume = {51},
year = {2006}
}

@article{Cuplov2018,
author = {Cuplov, Vesna and Holman, Beverley F. and McClelland, Jamie and Modat, Marc and Hutton, Brian F. and Thielemans, Kris},
journal = {Physics in Medicine and Biology},
number = {1},
volume = {63},
year = {2018}
}

@article{RUDIN1992259,
journal = "Physica D: Nonlinear Phenomena",
volume = "60",
number = "1",
pages = "259 - 268",
year = "1992",
author = "Leonid I. Rudin and Stanley Osher and Emad Fatemi",
}

@article{Mumcuoglu1996,
author = {Mumcuo\u{g}lu, Erkan {\"{U}} and Leahy, Richard M. and Cherry, Simon R.},
journal = {Phys. Med. Biol},
number = {1},
pages = {1777--1807},
volume = {41},
year = {1996}
}

@article{Gigengack2012,
author = {Gigengack, Fabian and Ruthotto, Lars and Burger, Martin and Wolters, Carsten H. and Jiang, Xiaoyi and Schafers, Klaus P.},
journal = {IEEE Transactions on Medical Imaging},
number = {3},
pages = {698--712},
volume = {31},
year = {2012}
}

@article{Thielemans2009,
abstract = {IEEE Nuclear Science Symposium 2009 Paper: M02-6},
author = {Thielemans, K. and Asma, E. and Manjeshwar, R. M.},
journal = {IEEE Nuclear Science Symposium Conference Record},
pages = {2490--2495},
year = {2009}
}

@article{Pepin2014,
author = {P{\'{e}}pin, Audrey and Daouk, Jo{\"{e}}l and Bailly, Pascal and Hapdey, S{\'{e}}bastien and Meyer, Marc Etienne},
journal = {Nuclear Medicine Communications},
number = {2},
pages = {113--122},
volume = {35},
year = {2014}
}
